@Online{AiThinker,
	author = {Ai-Thinker},
	title = {ESP-12F WiFi},
	month = {may},
	year = {2017},
	url = {https://www.ai-thinker.com/home},
}

@Online{ESP8266_MICRO,
	author = {Digi-Key Electronics},
	title = {ESP8266EX},
	month = {may},
	year = {2017},
	url = {https://www.digikey.com/product-detail/en/espressif-systems/ESP8266EX/1904-1001-1-ND/8028408},
}

@ARTICLE{ESP8266EX_DATASHEET,
    author = {Espressif Systems},
    title = {ESP8266EX Datasheet},
    version = {6.0},
    year = {2018},
    url = {https://www.espressif.com/sites/default/files/documentation/},
}

@ARTICLE{SRD-05VDC-SL-C_imagem,
	author = {Filipeflop},
	title = {Relé 5V Songle SRD-05VDC-SL-C},
	url = {https://www.filipeflop.com/produto/rele-5v-songle-srd-05vdc-sl-c/},
}

@ARTICLE{SRD-05VDC-SL-C_Datasheet,
	author = {Songle Relay},
	title = {SRD},,
	url = {http://www.circuitbasics.com/wp-content/uploads/2015/11/SRD-05VDC-SL-C-Datasheet.pdf},
}

@Online{LED_SMD,
	author = {Eletrodex Eletrônica},
	title = {LED SMD 0603},
	url = {https://www.eletrodex.com.br/led-smd-0603.html},
}

@Online{Push_Button,
	author = {ARZ},
	title = {Botão Push Button},
	url = {https://www.arzshop.com.br/kit-15-botao-push-button-chave-tactil-6x6x5mm-arduino-mps430},
}

@Online{MCP39F521,
	author = {Microchip Technology},
	title = {MCP39F521},
	url = {https://www.microchip.com/wwwproducts/en/MCP39F521},
}

@ARTICLE{MCP39F521_Datasheet,
	author = {Microchip Technology},
	title = {MCP39F521: I2C Power Monitor with Calculation and Energy Accumulation},
	url = {http://ww1.microchip.com/downloads/en/DeviceDoc/20005442A.pdf},
}

@ARTICLE{contatora_ref,
	author = {Schneider-electric},
	title = {LC1D32BD: Product data sheet},
	url = {https://www.schneider-electric.com/en/product/download-pdf/LC1D32BD},
}

@Online{MCP9700,
	author = {Digikey Electronics},
	title = {MCP9700},
	url = {https://www.digikey.com/product-detail/en/microchip-technology/MCP9700T-E-TT/MCP9700T-E-TTTR-ND/1212510},
}

@ARTICLE{MCP39f521_user_guide,
	author = {Microchip Technology},
	title = {MCP39F521 Power Monitor Demonstration Board User?s Guide},
	url = {http://ww1.microchip.com/downloads/en/DeviceDoc/50002413A.pdf},
}

@article{rise_of_iot,
	author = {Grace Mungunda Waka},
	year = {2015},
	month = {},
	pages = {13},
	title = {Controle remoto de tomadas elétricas baseado nos conceitos de Internet das coisas}
}

@article{iot_footbal,
	author = {Mohammed Abdulaziz Ikram, Mohammad Dahman Alshehri, Farookh Khadeer Hussain},
	year = {2015},
	month = {12},
	pages = {1},
	title = {Architecture of an IoT-based System for Football Supervision}
}

@article{iot_open_data,
	author = {Nasi Tantitharanukul, Kitisak Osathanunkul, Kittikorn Hantrakul, Part Pramokchon, Paween Khoenkaw},
	year = {2017},
	month = {03},
	pages = {1},
	title = {MQTT-Topics Management System for Sharing of Open Data}
}








@ARTICLE{Military,
    author = {James Carafano and Andrew Gudgel},
    title = {The Pentagon's Robots: Arming the Future},
    journal = {The Heritage Foundation},
    year = {2007},
    pages = {1-6}
}

@book{livroScott,
  author = {Scott E Umbaugh},
  title={Digital Image Processing and Analysis},
  isbn = {13: 978-1-4398-0206-9},
  year={2010},
  publisher={CRC Press}
}

@INPROCEEDINGS{Araujo2016, 
author={R. Ara\'ujo and I. Bessa and L. C. Cordeiro and J. E. C. Filho}, 
booktitle={2016 VI Brazilian Symposium on Computing Systems Engineering (SBESC)}, 
title={{SMT}-based {V}erification {A}pplied to {N}on-convex {O}ptimization {P}roblems}, 
year={2016}, 
pages={1-8},
doi={10.1109/SBESC.2016.010}, 
month={Nov}
}

@article{leeCPS15,
  author    = {Edward A. Lee},
  title     = {The Past, Present and Future of Cyber-Physical Systems: {A} Focus on Models},
  journal   = {Sensors},
  volume    = {15},
  number    = {3},
  pages     = {4837--4869},
  year      = {2015},
  url       = {http://dx.doi.org/10.3390/s150304837},
  doi       = {10.3390/s150304837},
  timestamp = {Tue, 04 Oct 2016 13:02:47 +0200},
  biburl    = {http://dblp.uni-trier.de/rec/bib/journals/sensors/Lee15},
  bibsource = {dblp computer science bibliography, http://dblp.org}
}

@article{Galperin19911,
title = "Problem-method classification in optimization and control ",
journal = "Computers \& Mathematics with Applications ",
volume = "21",
number = "6?7",
pages = "1 - 6",
year = "1991",
note = "",
issn = "0898-1221",
doi = "10.1016/0898-1221(91)90155-W",
author = "Efim A. Galperin"
}

@inproceedings{CDC2016,
  author    = {Yasser Shoukry and
               Pierluigi Nuzzo and
               Indranil Saha and
               Alberto L. Sangiovanni{-}Vincentelli and
               Sanjit A. Seshia and
               George J. Pappas and
               Paulo Tabuada},
  title     = {Scalable lazy {SMT}-based motion planning},
  booktitle = {IEEE 55th Conference on Decision and Control, CDC},
  pages     = {6683--6688},
  month		= {Dec},
  year      = {2016},
  doi       = {10.1109/CDC.2016.7799298}
}

@inproceedings{Nuzzo2010,
    Author = {Nuzzo, Pierluigi and Puggelli, Alberto Alessandro Angelo and Seshia, Sanjit A. and Sangiovanni-Vincentelli, Alberto L.},
    Title = {Cal{CS}: {SMT} {S}olving for {N}on-linear {C}onvex {C}onstraints},
    Institution = {{EECS} Department, University of California, Berkeley},
    isbn = {9780983567806},
    Month = {Jun},
    Year = {2010},
    pages = {71-79},
    publisher = {IEEE}
}

@Inbook{Gao2013,
author="Gao, Sicun and Kong, Soonho and Clarke, Edmund M.",
title="d{R}eal: An {SMT} {S}olver for {N}onlinear {T}heories over the {R}eals",
bookTitle="Automated Deduction -- CADE-24: 24th International Conference on Automated Deduction",
year="2013",
publisher="Springer Berlin Heidelberg",
pages="208--214",
isbn="9783642385742",
doi="10.1007/978-3-642-38574-2_14",
}

@ARTICLE{Franzle2007,
    author = {Martin Fränzle and Christian Herde and Tino Teige and Stefan Ratschan and Tobias Schubert},
    title = {Efficient solving of large non-linear arithmetic constraint systems with complex boolean structure},
    journal = {Journal on Satisfiability, Boolean Modeling and Computation},
    year = {2007},
    volume = {1},
    pages = {209--236}
}

@article{ABsolver,
author = {M. Pister and M. Tautschnig and A. Bauer},
title = {Tool-support for the analysis of hybrid systems and models},
journal = {2007 10th Design, Automation and Test in Europe Conference and Exhibition},
ISSN={1530-1591},
year = {2007},
month={April},
pages = {1-6},
doi = {10.1109/DATE.2007.364411},
publisher = {IEEE Computer Society}
}

@inproceedings{Symba,
 author = {Li, Yi and Albarghouthi, Aws and Kincaid, Zachary and Gurfinkel, Arie and Chechik, Marsha},
 title = {Symbolic Optimization with {SMT} Solvers},
 booktitle = {Proceedings of the 41st ACM SIGPLAN-SIGACT Symposium on Principles of Programming Languages},
 volume = {49},
 number = {1},
 month = {Jan},
 year = {2014},
 issn = {0362-1340},
 pages = {607--618},
 isbn = {9781450325448},
 pages = {607--618},
 publisher = {ACM},
}

@Inbook{Nieuwenhuis2006,
author="Nieuwenhuis, Robert
and Oliveras, Albert",
editor="Biere, Armin
and Gomes, Carla P.",
title="On {SAT} {M}odulo {T}heories and {O}ptimization {P}roblems",
bookTitle="Theory and Applications of Satisfiability Testing - SAT 2006: 9th International Conference, Seattle, WA, USA, August 12-15, 2006. Proceedings",
year="2006",
publisher="Springer Berlin Heidelberg",
pages="156--169",
isbn="9783540372073",
doi="10.1007/11814948_18",
}

@inproceedings{Cotton2011, 
    title = {Multi-criteria optimization for mapping programs to multi-processors }, 
    author = {Cotton, Scott and Maler, Oded and Legriel, Julien and Saidi, Selma},
    year = {2011},
    booktitle = {SIES},
    pages = {9-17}
}

@inproceedings{ref:multiprocessors, 
    title = {Multi-criteria optimization for mapping programs to multi-processors }, 
    author = {Cotton, Scott and Maler, Oded and Legriel, Julien and Saidi, Selma},
    year = {2011},
    booktitle = {SIES},
    pages = {9-17}
}

@book{refstc:marti2005stochastic,
  title={Stochastic Optimization Methods},
  author={Marti, K.},
  isbn={9783540222729},
  lccn={2004112585},
  year={2005},
  publisher={Springer}
}

@book{refdet:floudas2000deterministic,
  title={Deterministic Global Optimization},
  author={Floudas, C.A.},
  isbn={9780792360148},
  lccn={99047045},
  series={Nonconvex Optimization and Its Applications},
  year={2000},
  publisher={Springer}
}

@article{npref:byrd2000trust,
  title={A trust region method based on interior point techniques for nonlinear programming},
  author={Byrd, Richard H and Gilbert, Jean Charles and Nocedal, Jorge},
  journal={Mathematical Programming},
  volume={89},
  number={1},
  pages={149--185},
  year={2000},
  issn="14364646",
  publisher={Springer}
}

@inproceedings{esref:Nievergelt2000,
  author="Nievergelt, J{\"u}rg",
  title="Exhaustive Search, Combinatorial Optimization and Enumeration: Exploring the Potential of Raw Computing Power",
  year="2000",
  publisher="Springer Berlin Heidelberg",
  address="Berlin, Heidelberg",
  pages="18--35",
  isbn="978-3-540-44411-4",
  doi="10.1007/3-540-44411-4_2",
  bookTitle="SOFSEM 2000: Theory and Practice of Informatics: 27th Conference on Current Trends in Theory and Practice of Informatics Milovy"
  }


@book{pswarmref:olsson2011particle,
  title={Particle Swarm Optimization: Theory, Techniques and Applications},
  author={Olsson, A.E.},
  isbn={9781616685270},
  series={Engineering tools, techniques and tables},
  year={2010},
  publisher={Nova Science Publishers}
}

@book{saref:Laarhoven:1987:SAT:59580,
 editor = {Laarhoven, P. J. M. and Aarts, E. H. L.},
 title = {Simulated Annealing: Theory and Applications},
 year = {1987},
 isbn = {9027725136},
 publisher = {Kluwer Academic Publishers},
 address = {Norwell, MA, USA}
} 

@article{patternsref:alberto2004pattern,
  title={Pattern search methods for user-provided points: Application to molecular geometry problems},
  author={Alberto, Pedro and Nogueira, Fernando and Rocha, Humberto and Vicente, Lu{\'\i}s N},
  journal={SIAM Journal on Optimization},
  volume={14},
  number={4},
  pages={1216--1236},
  year={2004},
  publisher={SIAM}
}

@inproceedings{PhamDinh:2013:RAD:2945705.2945707,
 author = {Pham Dinh, Tao and Le Thi, Hoai An},
 title = {Recent Advances in {DC} Programming and {DCA}},
 booktitle = {Transactions on Computational Intelligence XIII - Volume 8342},
 year = {2014},
 isbn = {978-3-642-54454-5},
 pages = {1--37},
 doi = {10.1007/978-3-642-54455-2_1},
 publisher = {Springer-Verlag New York, Inc.}
} 

@book{derigs2009optimization,
  title={Optimization and Operations Research},
  author={Derigs, U.},
  isbn={9781905839483},
  volume={1},
  year={2009},
  publisher={EOLSS Publications}
}


@book{cavazzuti2012optimization,
  title={Optimization Methods: From Theory to Design Scientific and Technological Aspects in Mechanics},
  author={Cavazzuti, M.},
  isbn={9783642311864},
  year={2012},
  publisher={Springer Berlin Heidelberg}
}

@article{Shoham2008,
 author = {Shoham, Yoav},
 title = {Computer Science and Game Theory},
 journal = {Commun. ACM},
 issue_date = {August 2008},
 volume = {51},
 number = {8},
 month = {Aug},
 year = {2008},
 issn = {0001-0782},
 pages = {74-79},
 doi = {10.1145/1378704.1378721},
 address = {New York, NY, USA}
} 

@ARTICLE{Teich2012, 
author={J. Teich}, 
journal={Proceedings of the IEEE}, 
title={Hardware/{S}oftware {C}odesign: {T}he {P}ast, the {P}resent, and {P}redicting the {F}uture},
year={2012}, 
volume={100}, 
number={Special Centennial Issue}, 
pages={1411-1430}, 
doi={10.1109/JPROC.2011.2182009}, 
ISSN={0018-9219}, 
month={May}
}

@ARTICLE{Gattie2007, 
author={David K. Gattie and Robert C. Wicklein}, 
journal={Journal of Technology Education}, 
title={Curricular Value and Instructional Needs for Infusing Engineering Design into K-12 Technology Education}, 
year={2007}, 
volume={19}, 
number={1},
doi={10.21061/jte.v19i1.a.1}, }

@inproceedings{Bouabdallah,
  author = {Bouabdallah, Samir and Murrieri, Pierpaolo and Siegwart, Roland},
  booktitle = {ICRA},
  date = {2007-11-02},
  description = {dblp},
  pages = {4393-4398},
  publisher = {IEEE},
  timestamp = {2007-11-03T10:36:03.000+0100},
  title = {Design and Control of an Indoor Micro Quadrotor.},
  year = 2004
}

@book{Aguirre,
 author = {Aguirre, Luis Antonio},
 title = {Enciclop\'edia de Autom\'atica - Controle e Automa\c{c}\~ao},
 year = {2007},
 publisher = {Blucher, Inc.},
 volume = {2},
}

@book{Zhou,
 author = {Zhou, Kemin and Doyle, John C. and Glover, Keith},
 title = {Robust and Optimal Control},
 year = {1996},
 isbn = {0-13-456567-3},
 publisher = {Prentice-Hall, Inc.},
 address = {Upper Saddle River, NJ, USA},
}

@book{Boyd:2004:CO:993483,
 author = {Boyd, Stephen and Vandenberghe, Lieven},
 title = {Convex Optimization},
 year = {2004},
 isbn = {0521833787},
 publisher = {Cambridge University Press},
 address = {New York, NY, USA}
}

@article{Dubins,
 author = {L. E. Dubins},
 journal = {American Journal of Mathematics},
 number = {3},
 pages = {497-516},
 publisher = {Johns Hopkins University Press},
 title = {On Curves of Minimal Length with a Constraint on Average Curvature, and with Prescribed Initial and Terminal Positions and Tangents},
 volume = {79},
 year = {1957}
}

%-----------------------------------------------------------------------------------
% Vigilância e patrulhamento
%-----------------------------------------------------------------------------------
@INPROCEEDINGS{SurveillanceUAV,
author={K. Barton and D. Kingston},
booktitle={2013 American Control Conference, ACC},
title={Systematic surveillance for {UAV}s: A feedforward iterative learning control approach},
year={2013},
pages={5917-5922},
isbn = {9781479901777},
month={June}
}

@INPROCEEDINGS{PatrolSuerveillanceUAV,
author={K. S. Lee and M. Ovinis and T. Nagarajan and R. Seulin and O. Morel},
booktitle={Environment and Electrical Engineering (EEEIC), IEEE 15th International Conference},
title={Autonomous patrol and surveillance system using unmanned aerial vehicles},
year={2015},
pages={1291-1297},
month={June}
}

@INPROCEEDINGS{SurveyUAV,
author={Y. Chen and H. Zhang and M. Xu},
booktitle={Computing, Communication and Networking Technologies (ICCCNT), 2014 International Conference on},
title={The coverage problem in {UAV} network: A survey},
year={2014},
pages={1-5},
month={July}
}
%-----------------------------------------------------------------------------------
% Monitoramento e reconhecimento
%-----------------------------------------------------------------------------------
@INPROCEEDINGS{TrafficMonitoring,
author={K. Kanistras and G. Martins and M. J. Rutherford and K. P. Valavanis},
booktitle={International Conference Unmanned Aircraft Systems, ICUAS},
title={A survey of unmanned aerial vehicles {UAV}s for traffic monitoring},
year={2013},
pages={221-234},
month={May}
}
%-----------------------------------------------------------------------------------
@INPROCEEDINGS{FromImagesMonitoring,
author={F. Heintz and P. Rudol and P. Doherty},
booktitle={Information Fusion},
title={From images to traffic behavior - {A} {UAV} tracking and monitoring application},
year={2007},
pages={1-8},
month={July}
}
%-----------------------------------------------------------------------------------
@article{TrafficAnalysis,
title = "Urban Traffic Analysis through an {UAV}",
journal = "Procedia - Social and Behavioral Sciences ",
volume = "111",
number = "",
pages = "1083 - 1091",
year = "2014",
issn = "18770428",
author = "Giuseppe Salvo and Luigi Caruso and Alessandro Scordo",
}
%-----------------------------------------------------------------------------------
% Tratamento de imagens à velocidade
%-----------------------------------------------------------------------------------
@article{ObjectTrackingVideos,
title = "An Improved Object Tracking Method in {UAV} Videos ",
journal = "Procedia Engineering ",
volume = "15",
number = "",
pages = "634 - 638",
year = "2011",
issn = "18777058",
author = "Pengfei Fang and Jianjiang Lu and Yulong Tian and Zhuang Miao"
}
%-----------------------------------------------------------------------------------
% Sensoriamento remoto
%-----------------------------------------------------------------------------------
@INPROCEEDINGS{RadarRemoteSensingUAV,
author={M. T. Gamba and S. Ugazio and G. Marucco and M. Pini and L. Lo Presti},
booktitle={Research and Technologies for Society and Industry Leveraging a better tomorrow (RTSI), 2015 IEEE 1st International Forum on},
title={Light weight GNSS-based passive radar for remote sensing {UAV} applications},
year={2015},
pages={341-348},
month={Sept}
}

@article{RemoteSensingEnvironment,
title = "{UAV}s as remote sensing platform in glaciology: Present applications and future prospects",
journal = "Remote Sensing of Environment ",
volume = "175",
number = "",
ISSN = "00344257",
pages = "196 - 204",
year = "2016",
author = "Anshuman Bhardwaj and Lydia Sam and Akanksha and F. Javier Martí­n-Torres and Rajesh Kumar",
}
%-----------------------------------------------------------------------------------
% Exploração
%-----------------------------------------------------------------------------------
@INPROCEEDINGS{OceanExploration,
author={P. B. Sujit and J. Sousa and F. L. Pereira},
booktitle={Control Conference, ECC},
title={Coordination strategies between {UAV} and {AUV}s for ocean exploration},
year={2009},
pages={115-120},
month={Aug}
}
%-----------------------------------------------------------------------------------
% Transporte
%-----------------------------------------------------------------------------------
@INPROCEEDINGS{TransportUAV,
author={E. H. C. Harik and F. Guérin and F. Guinand and J. F. Brethé and H. Pelvillain},
booktitle={International Conference on Industrial Technology, ICIT},
title={{UAV-UGV} cooperation for objects transportation in an industrial area},
year={2015},
pages={547-552},
month={March}
}

@article{LoadTransportation,
title = "Nonlinear Control of a TiltRotor {UAV} for Load Transportation",
journal = "11th IFAC Symposium on Robot Control SYROCO",
volume = "48",
number = "19",
pages = "232 - 237",
year = "2015",
author = "Renato Ventura Bayan Henriques and Marcelino M. de Almeida and Guilherme V. Raffo"
}
%-----------------------------------------------------------------------------------
% Busca e Salvamento
%-----------------------------------------------------------------------------------
@article{SearchRescueForest,
title = "Use of unmanned vehicles in search and rescue operations in forest fires: Advantages and limitations observed in a field trial",
journal = "International Journal of Disaster Risk Reduction ",
volume = "13",
number = "",
pages = "307 - 312",
year = "2015",
author = "S. Karma and E. Zorba and G.C. Pallis and G. Statheropoulos and I. Balta and K. Mikedi and J. Vamvakari and A. Pappa and M. Chalaris and G. Xanthopoulos and M. Statheropoulos"
}

@article{SearchEA,
title = "Autonomous {UAV} based search operations using Constrained Sampling Evolutionary Algorithms",
journal = "Neurocomputing",
volume = "132",
number = "",
pages = "54 - 67",
month = may,
year = "2014",
issn = {09252312},
author = "Gervasio Varela and Pilar Caamaño and Félix Orjales and Álvaro Deibe and Fernando López-Peña and Richard J. Duro",
}

@INPROCEEDINGS{SearchRescueUAV,
author={Y. Naidoo and R. Stopforth and G. Bright},
booktitle={AFRICON},
title={Development of an {UAV} for search \& rescue applications},
year={2011},
pages={1-6},
month={Sept},
ISSN={21530025}
}
%-----------------------------------------------------------------------------------
% Geração de Trajetória
%-----------------------------------------------------------------------------------
@INPROCEEDINGS{3DPathPlanningQuadrotor, 
author={W. Li and W. Chen and C. Wang and M. Liu and Y. Ge and Q. Song}, 
booktitle={International Conference on Information and Automation, 2015 IEEE}, 
title={A {3D} path planning approach for quadrotor {UAV} navigation}, 
year={2015}, 
pages={2481-2486},
month={Aug}
}

@INPROCEEDINGS{Planning3DDubins, 
author={Y. Lin and S. Saripalli}, 
booktitle={International Conference on Unmanned Aircraft Systems, ICUAS}, 
title={Path planning using {3D} Dubins Curve for Unmanned Aerial Vehicles}, 
year={2014}, 
pages={296-304},
month={May}
}

@INPROCEEDINGS{DubinsFixedWingUAV,
author={I. Lugo-C\'ardenas and G. Flores and S. Salazar and R. Lozano}, 
booktitle={International Conference on Unmanned Aircraft Systems, ICUAS}, 
title={Dubins path generation for a fixed wing {UAV}}, 
year={2014}, 
pages={339-346},
month={May}
}

@Article{PlanningBezier,
author="Neto, Armando Alves and Macharet, Douglas G. and Campos, Mario F. M.",
title="Feasible path planning for fixed-wing {UAV}s using seventh order B\'ezier curves",
journal="Journal of the Brazilian Computer Society",
year="2013",
volume="19",
number="2",
pages="193--203",
issn="1678-4804",
}

@INPROCEEDINGS{MultiUAVBezierGA, 
author={O. K. Sahingoz}, 
booktitle={International Conference on Unmanned Aircraft Systems, ICUAS}, 
title={Flyable path planning for a multi-{UAV} system with Genetic Algorithms and Bezier curves}, 
year={2013}, 
pages={41-48},
month={May}
}

@INPROCEEDINGS{PlanningBsplines, 
author={R. Nabi-Abdolyousefi and A. Banazadeh}, 
booktitle={Proceedings of the 2013 International Conference on Advanced Mechatronic Systems}, 
title={{3D} offline path planning for a surveillance aerial vehicle using {B}-splines}, 
year={2013}, 
pages={306-311},  
month={Sept},
ISSN={23250682},
}

@INPROCEEDINGS{ControlUAVTrajectoryPH, 
author={Z. Yi and Y. Xiuxia and Z. Hewei and Z. Weiwei}, 
booktitle={Guidance, Navigation and Control Conference (CGNCC), 2014 IEEE Chinese}, 
title={Tracking control for {UAV} trajectory}, 
year={2014}, 
pages={1889-1894},
month={Aug}
}

@INPROCEEDINGS{TrajectoryPotField, 
author={A. Benghezal and R. Louali and A. Bazoula and T. Chettibi}, 
booktitle={Control, Engineering Information Technology (CEIT), 2015 3rd International Conference on}, 
title={Trajectory generation for a fixed-wing {UAV} by the potential field method}, 
year={2015}, 
pages={1-6}, 
month={May}
}

@INPROCEEDINGS{OptimalPlanning, 
author={Y. Qu and Y. Zhang and Y. Zhang}, 
booktitle={International Conference on Unmanned Aircraft Systems, ICUAS}, 
title={Optimal flight path planning for {UAV}s in {3D} threat environment}, 
year={2014}, 
pages={149-155}, 
month={May}
}

@INPROCEEDINGS{3DPathPotFieldDynamicEnvironment, 
author={X. Chen and J. Zhang}, 
booktitle={5th International Conference on Intelligent Human-Machine Systems and Cybernetics, IHMSC}, 
title={The Three-Dimension Path Planning of {UAV} Based on Improved Artificial Potential Field in Dynamic Environment}, 
year={2013}, 
volume={2}, 
pages={144-147}, 
month={Aug}
}

@INPROCEEDINGS{3DPlanningOptimization, 
author={W. Yin and Z. Xingxing}, 
booktitle={Control Conference (CCC), 2015 34th Chinese}, 
title={Three dimensional unmanned aerial vehicle path planning by a continuous optimization method}, 
year={2015}, 
pages={2379-2383}, 
month={July}
}

@INPROCEEDINGS{CollisionFreeMSPSO, 
author={D. Alejo and J. A. Cobano and G. Heredia and A. Ollero}, 
booktitle={International Conference on Unmanned Aircraft Systems, ICUAS}, 
title={Collision-free trajectory planning based on Maneuver Selection-Particle Swarm Optimization}, 
year={2015}, 
pages={72-81},
month={June}
}

@INPROCEEDINGS{PlanningMultiUAVPSO, 
author={J. Liu and T. Shi and P. Li and X. Ren and H. Ma}, 
booktitle={2015 IEEE Intelligent Vehicles Symposium (IV)}, 
title={Trajectories planning for multiple {UAV}s by the cooperative and competitive PSO algorithm}, 
year={2015}, 
pages={107-114}, 
month={June}
}

@INPROCEEDINGS{RobustNavigation, 
author={S. A. Huang and K. L. Wu and J. S. Liu}, 
booktitle={Networking, Sensing and Control (ICNSC), 2015 IEEE 12th International Conference on}, 
title={{UAV} robust navigation via geodesic path planning and nonlinear mixed H2/H #x221E; control strategy}, 
year={2015}, 
pages={309-314},  
month={April}
}

@INPROCEEDINGS{PlanningGeometricPseudospectral, 
author={G. Zhang and B. Fang and J. Li}, 
booktitle={Information and Automation, 2015 IEEE International Conference on}, 
title={Trajectory planning for {UAV}s based on geometric pseudospectral method}, 
year={2015}, 
pages={901-906}, 
month={Aug}
}

@INPROCEEDINGS{GaussPseudospectrum, 
author={D. Wang and W. Zhang and J. Shan}, 
booktitle={Ninth International Conference on Natural Computation, ICNC}, 
title={Optimal trajectory planning for a quadrotor via a Gauss Pseudo-spectrum Method}, 
year={2013}, 
pages={1666-1670}, 
ISSN={21579555}, 
month={July}
}

@INPROCEEDINGS{BioInspiredCollisionFreee4D, 
author={Y. Zuqiang and F. Zhou and L. Ping}, 
booktitle={Control Conference (CCC), 2015 34th Chinese}, 
title={A bio-inspired collision-free {4D} trajectory generation method for unmanned aerial vehicles based on tau theory}, 
year={2015}, 
pages={6961-6968}, 
month={July}
}

@INPROCEEDINGS{BioInspiredPerching, 
author={Z. Zhang and P. Xie and O. Ma}, 
booktitle={IEEE/ASME International Conference on Advanced Intelligent Mechatronics}, 
title={Bio-inspired trajectory generation for {UAV} perching}, 
year={2013}, 
pages={997-1002}, 
ISSN={21596247}, 
month={July}
}

@INPROCEEDINGS{3DInformationCollection, 
author={H. Ergezer and M. K. Leblebicioglu}, 
booktitle={Unmanned Aircraft Systems (ICUAS), 2013 International Conference on}, 
title={{3D} path planning for {UAV}s for maximum information collection}, 
year={2013}, 
pages={79-88}, 
month={May}
}

@INPROCEEDINGS{OptimalPlanningEvolutionary, 
author={N. Ozalp and O. K. Sahingoz}, 
booktitle={International Conference on Unmanned Aircraft Systems, ICUAS}, 
title={Optimal {UAV} path planning in a {3D} threat environment by using parallel evolutionary algorithms}, 
year={2013}, 
pages={308-317}, 
month={May}
}

@INPROCEEDINGS{3DQuantumDS, 
author={X. Qu and H. Duan}, 
booktitle={Control Conference (CCC), 2014 33rd Chinese}, 
title={Three dimensional trajectory planning of unmanned aerial vehicles based on quantum differential search}, 
year={2014}, 
pages={142-146}, 
month={July}
}

@article{MCFO3DPlanning,
title = "Modified central force optimization {MCFO} algorithm for {3D} {UAV} path planning ",
journal = "Neurocomputing ",
volume = "171",
number = "",
pages = "878 - 888",
year = "2016",
note = "",
issn = "09252312",
author = "Yongbo Chen and Jianqiao Yu and Yuesong Mei and Yafei Wang and Xiaolong Su",
}

@INPROCEEDINGS{PlanningA*, 
author={H. Xu and X. Xu and Y. Li and X. Zhu and L. Jia and D. Shi}, 
booktitle={IEEE 4th Annual International Conference on Cyber Technology in Automation, Control, and Intelligent Systems, CYBER}, 
title={Trajectory planning of Unmanned Aerial Vehicle based on {A}* algorithm}, 
year={2014}, 
pages={463-468},  
month={June}
}

@INPROCEEDINGS{OnlinePlanning, 
author={C. Xiao-dong and Z. De-yun and Z. Ruo-nan}, 
booktitle={IEEE International Conference on Signal Processing, Communication and Computing, ICSPCC}, 
title={New method for {UAV} online path planning}, 
year={2013}, 
pages={1-5},
month={Aug}
}

@INPROCEEDINGS{DMOCTrajectory, 
author={D. Wang and W. Zhang and J. Shan}, 
booktitle={Control Conference (CCC), 2014 33rd Chinese}, 
title={A multi-phase {DMOC}-based optimal trajectory generation methodology for a quadrotor}, 
year={2014}, 
pages={8984-8989}, 
month={July}
}

@INPROCEEDINGS{Tracking3DMultiUAV, 
author={L. V. Santana and A. S. Brandão and M. S. Filho and R. Carelli}, 
booktitle={Robotics: SBR-LARS Robotics Symposium and Robocontrol (SBR LARS Robocontrol), 2014 Joint Conference on}, 
title={A Computational System for Trajectory Tracking and {3D} Positioning of Multiple {UAV}s}, 
year={2014}, 
pages={118-123}, 
month={Oct}
}

%-----------------------------------------------------------------------------------
% Otimização
%-----------------------------------------------------------------------------------
@book{OtimizacaoRAO,
title = "Engineering Optimization: Theory and Practice: Fourth Edition",
author = "Singiresu S. Rao",
year = "2009",
month = "June",
isbn = "9780470183526",
publisher = "John Wiley and Sons",
}

%-----------------------------------------------------------------------------------
% SMT e Model Checking
%-----------------------------------------------------------------------------------
@inproceedings{ApplicationsSMT,
author = {Nikolaj Bj{\o}rner and Leonardo de Moura},
title = {$Z3^{10}$: Applications, Enablers, Challenges and Directions},
year = {2009},
booktitle = {Sixth International Workshop on Constraints in Formal Verification Grenoble, France},
}

@incollection{DefinitionsSMT,
author = {Leonardo de Moura and Nikolaj Bj{\o}rner},
title = {Satisfiability Modulo Theories: An Appetizer},
year = {2009},
month={Aug},
pages = {23-36},
isbn = {9783642104510},
booktitle = {Formal Methods: Foundations and Applications, 12th Brazilian Symposium on Formal Methods, SBMF},
volume = {5902},
publisher = {Springer}
} 

@book{ModelChecking,
author = {Clarke,Jr., Edmund M. and Grumberg, Orna and Peled, Doron A.},
title = {Model Checking},
year = {1999},
isbn = {0262032708},
publisher = {MIT Press},
address = {Cambridge, MA, USA}
}

@article{TypesModelChecking,
author = {Jhala, Ranjit and Majumdar, Rupak},
title = {Software Model Checking},
journal = {ACM Comput. Surv.},
volume = {41},
number = {4},
month = oct,
year = {2009},
issn = {03600300},
pages = {21:1--21:54},
articleno = {21},
address = {New York, NY, USA},
}

@book{PrinciplesModelChecking,
title={Principles of Model Checking},
author={Baier, Christel and Katoen, Joost-Pieter},
year={2008},
isbn = {9780262026499},
publisher={MIT Press}
}

@inproceedings{FirstBMC,
author = {Biere, Armin and Cimatti, Alessandro and Clarke, Edmund M. and Zhu, Yunshan},
title = {Symbolic Model Checking Without BDDs},
booktitle = {Proceedings of the 5th International Conference on Tools and Algorithms for Construction and Analysis of Systems, {TACAS}},
isbn = {3540657037},
year = {1999},
pages = {193--207}
} 

@book{BMC_SMT,
author = {Biere, A. and Biere, A. and Heule, M. and van Maaren, H. and Walsh, T.},
title = {Handbook of Satisfiability: Volume 185 Frontiers in Artificial Intelligence and Applications},
year = {2009},
isbn = {9781586039295},
publisher = {IOS Press},
address = {Amsterdam, The Netherlands},
}

@inproceedings{CBMC_SMT,
author={L. Cordeiro and B. Fischer and J. Marques-Silva},
journal={IEEE Transactions on Software Engineering},
title={{SMT}-Based Bounded Model Checking for Embedded {ANSI-C} Software},
booktitle = {Proceedings of the 2009 IEEE/ACM International Conference on Automated Software Engineering, ASE},
isbn = {9780769538914},
year={2012},
volume={38},
number={4},
pages = {137--148},
month={July}
}

@INPROCEEDINGS{ESBMC_Multi1,
author={L. Cordeiro},
booktitle={2010 ACM/IEEE 32nd International Conference on Software Engineering, ICSE},
title={{SMT}-based bounded model checking for multi-threaded software in embedded systems},
year={2010},
volume={2},
pages={373-376},
isbn = {9781605587196},
month={May}
}

@INPROCEEDINGS{ESBMC_Multi2,
author={L. Cordeiro and B. Fischer},
booktitle = {Proceedings of the 33rd International Conference on Software Engineering, ICSE},
title={Verifying multi-threaded software using {SMT}-based context-bounded model checking},
year={2011},
pages={331-340},
month={May}
}

@inproceedings{DBLP:conf/icse/CordeiroF11,
  author    = {Lucas C. Cordeiro and
               Bernd Fischer},
  title     = {Verifying multi-threaded software using smt-based context-bounded
               model checking},
  
  pages     = {331--340},

}

@INPROCEEDINGS{ESBMC_Multi3,
author={A. Trindade and H. Ismail and L. Cordeiro},
booktitle={2015 Brazilian Symposium on Computing Systems Engineering (SBESC)},
title={Applying {M}ulti-{C}ore {M}odel {C}hecking to {H}ardware-{S}oftware {P}artitioning in {E}mbedded {S}ystems},
year={2015},
pages={102-105},
month={Nov}
}

@INPROCEEDINGS{ESBMCC++,
author={M. Ramalho and M. Freitas and F. Sousa and H. Marques and L. Cordeiro and B. Fischer},
booktitle = {20th {IEEE} International Conference and Workshops on Engineering of Computer Based Systems, ECBS},
title={{SMT}-Based Bounded Model Checking of {C}++ Programs},
year={2013},
pages={147-156},
month={April}
}

@article{VerifyingFilters,
author    = {Renato B. Abreu and Lucas C. Cordeiro and Eddie B. L. Filho},
title     = {Verifying Fixed-Point Digital Filters using {SMT}-Based Bounded Model Checking},
journal   = {CoRR},
volume    = {abs/1305.2892},
year      = {2013},
month     = {June}
}

@article{VerifyingControllers,
author    = {Iury Bessa and Renato B. Abreu and Joao Edgar Chaves Filho and Lucas C. Cordeiro},
title     = {{SMT}-Based Bounded Model Checking of Fixed-Point Digital Controllers},
journal   = {CoRR},
volume    = {abs/1403.5172},
year      = {2014},
month     = {Mar}
}

@inproceedings{DSVerifier,
author    = {Hussama Ismail and Iury Bessa and Lucas C. Cordeiro and Eddie Batista de Lima Filho and Joao Edgar Chaves Filho},
title     = {DSVerifier: A Bounded Model Checking Tool for Digital Systems},
booktitle = {Model Checking Software - 22nd International Symposium, SPIN},
pages     = {126--131},
month     = {Ago},
year      = {2015}
}

@article{PartitioningSMT,
author    = {Alessandro Trindade and Lucas C. Cordeiro},
title     = {Applying {SMT}-based {V}erification to {H}ardware/{S}oftware {P}artitioning in {E}mbedded {S}ystems},
journal   = {Design Automation for Embedded Systems},
volume    = {20},
number    = {1},
pages     = {1--19},
year      = {2016},
month     = {Mar}
}

%-----------------------------------------------------------------------------------
% SMT-based optimization
%-----------------------------------------------------------------------------------
@ARTICLE{Dorigo2006, 
author={M. Dorigo and M. Birattari and T. Stutzle}, 
journal={IEEE Computat. Intell. Mag.}, 
title={Ant colony optimization}, 
year={2006}, 
volume={1}, 
number={4}, 
pages={28-39}, 
ISSN={1556-603X}, 
month={Nov}
}

@book{garfinkel1972integer,
  title={Integer {P}rogramming},
  author={Garfinkel, R. and Nemhauser, G.L.},
  isbn={9780471291954},
  series={Series in decision and control},
  year={1972},
  publisher={Wiley}
}

@Inbook{Beyer2016,
author="Beyer, Dirk",
title="Reliable and Reproducible Competition Results with BenchExec and Witnesses (Report on SV-COMP 2016)",
bookTitle="{TACAS}",
year="2016",
publisher="Springer Berlin Heidelberg",
pages="887--904",
isbn="978-3-662-49674-9",
doi="10.1007/978-3-662-49674-9_55",
}

@INPROCEEDINGS{Rocha2015, 
author={H. Rocha and H. Ismail and L. Cordeiro and R. Barreto}, 
booktitle={{SBESC}}, 
title={Model Checking Embedded {C} Software Using k-Induction and Invariants}, 
year={2015}, 
pages={90-95}, 
doi={10.1109/SBESC.2015.24}, 
month={Nov},}

@article{Clarke2003,
 author = {Clarke, Edmund and Grumberg, Orna and Jha, Somesh and Lu, Yuan and Veith, Helmut},
 title = {Counterexample-guided Abstraction Refinement for Symbolic Model Checking},
 journal = {J. {ACM}},
 volume = {50},
 number = {5},
 month = sep,
 year = {2003},
 issn = {0004-5411},
 pages = {752--794},
 doi = {10.1145/876638.876643},
 publisher = {ACM}
} 

@Article{Gadelha2015,
author="Gadelha, Mikhail Y. R.
and Ismail, Hussama I.
and Cordeiro, Lucas C.",
title="Handling loops in bounded model checking of {C} programs via k-induction",
journal="{STTT}",
year="2015",
pages="1--18",
issn="1433-2787",
doi="10.1007/s10009-015-0407-9",
}

@manual{optoolboxmanual,
	title		= "Matlab Optimization Toolbox User's Guide",
	author		= "",
	organization	= "The Mathworks, Inc.",
	address	= "",
	edition	= "",
	year		= "2016",
	month		= "",
	note		= "",
}

@Inbook{Bartholomew--Biggs2008,
author="Bartholomew-Biggs, Michael",
title="The {S}teepest {D}escent {M}ethod",
bookTitle="Nonlinear Optimization with Engineering Applications",
volume="19",
year="2008",
publisher="Springer US",
address="Boston, MA",
pages="1--8",
isbn="9780387787237"
}

@inproceedings{Pavlinovic0W15,
  author    = {Zvonimir Pavlinovic and
               Tim King and
               Thomas Wies},
  title     = {{Practical {SMT}-based type error localization}},
  booktitle = {Proceedings of the 20th ACM SIGPLAN International Conference on Functional Programming, ICFP},
  pages     = {412--423},
  year      = {2015},
  numpages  = {12},
  isbn 		= {9781450336697}
}

@book{goldberg1989genetic,
  title={Genetic Algorithms in Search, Optimization, and Machine Learning},
  author={Goldberg, David E.},
  isbn={9780201157673},
  edition = {1st},
  year={1989},
  publisher={Addison-Wesley Longman Publishing Co., Inc.}
}

@book{adouane2016autonomous,
  title={Autonomous Vehicle Navigation: From Behavioral to Hybrid Multi-Controller Architectures},
  author={Adouane, L.},
  isbn={9781498715591},
  year={2016},
  publisher={CRC Press}
}

@article{Panda2001TODAES,
 author = {Panda, P. R. and Catthoor, F. and Dutt, N. D. and Danckaert, K. and Brockmeyer, E. and Kulkarni, C. and Vandercappelle, A. and Kjeldsberg, P. G.},
 title = {Data and Memory Optimization Techniques for Embedded Systems},
 journal = {{ACM TODAES}},
 issue_date = {April 2001},
 volume = {6},
 number = {2},
 month = apr,
 year = {2001},
 issn = {1084-4309},
 pages = {149--206},
 doi = {10.1145/375977.375978},
 acmid = {375978},
 publisher = {ACM}
} 

@ARTICLE{functionslist,
year={2013},
journal={{IJMMNO}},
volume={4},
number={2},
title={A literature survey of benchmark functions for global optimisation problems},
author={Jamil, Momin and Yang, Xin-She},
pages={150-194},
}

@book{deb2004optimization,
  title={Optimization for Engineering Design: Algorithms and Examples},
  author={Deb, K.},
  isbn={9788120309432},
  year={2004},
  publisher={Prentice-Hall of India}
}

@inproceedings{BrummayerB09,
  author    = {Robert Brummayer and
               Armin Biere},
  title     = {{Boolector: An Efficient {SMT} Solver for Bit-Vectors and Arrays}},
  booktitle = {Proceedings of the 15th International Conference on Tools and Algorithms for the Construction and Analysis of Systems, {TACAS}},
  year      = {2009},
  pages     = {174-177},
  isbn 		= {9783642007675},
}

@inproceedings{handbook09,
  author = {Armin Biere},
  title = {{Bounded model checking}},
  booktitle = {Handbook of Satisfiability},
  year = {2009},
  pages = {457-481},  
  publisher={IOS Press}
}

@inproceedings{BarrettSST09,
  author = {C.~W. Barrett and R.~Sebastiani and S.~A. Seshia and C.~Tinelli},
  title = {{Satisfiability modulo theories}},
  booktitle = {Handbook of Satisfiability},
  year = {2009},
  pages = {825-885},  
  publisher={IOS Press}
}

@ARTICLE{coxjournal,
year={2014},
issn={1433-2779},
journal={{STTT}},
volume={16},
number={2},
doi={10.1007/s10009-013-0279-9},
title={{A bit too precise? Verification of quantized digital filters}},
publisher={Springer Berlin Heidelberg},
author={Cox, Arlen and Sankaranarayanan, Sriram and Chang, Bor-Yuh Evan},
pages={175-190},
}

@inproceedings{cox,
  author = {Arlen Cox and Sriram Sankaranarayanan and Bor-Yuh Evan Chang},
  title = {{A Bit Too Precise? Bounded Verification of Quantized Digital Filters}},
  booktitle = {{TACAS}},
  year = {2012},
  pages = {33-47},  
}

@Article{Abreu2016,
author="Abreu, B. Renato
and Gadelha, Y. Mikhail R.
and Cordeiro, C. Lucas
and de Lima Filho, B. Eddie
and da Silva, S. Waldir",
title="Bounded model checking for fixed-point digital filters",
journal="JBCS",
year="2016",
volume="22",
number="1",
pages="1--20",
issn="1678-4804",
doi="10.1186/s13173-016-0041-8",
}

@Article{Bessa2016,
author="Bessa, Iury V.
and Ismail, Hussama I.
and Cordeiro, Lucas C.
and Filho, Jo{\~a}o E. C.",
title="Verification of fixed-point digital controllers using direct and delta forms realizations",
journal="DES AUTOM EMBED SYST",
year="2016",
volume="20",
number="2",
pages="95--126",
issn="1572-8080",
doi="10.1007/s10617-016-9173-5",
}

@inproceedings{z3,
 author = {De Moura, Leonardo and Bj{\o}rner, Nikolaj},
 title = {Z3: An Efficient {SMT} Solver},
 booktitle = {Proceedings of the Theory and Practice of Software, 14th International Conference on Tools and Algorithms for the Construction and Analysis of Systems, {TACAS}},
 year = {2008},
 isbn = {9783540787990},
 pages = {337--340},
 numpages = {4},
}
 
@inproceedings{MathSAT,
 author = {Cimatti, A. and Griggio, A. and Schaafsma, B. and Sebastiani, R.},
 title = {The {M}ath{SAT5} {SMT} Solver},
 booktitle = {Tools and Algorithms for the Construction and Analysis of Systems, {TACAS}},
 month = {March},
 year = {2013},
 pages = {93--107},
 isbn={9783642367427}
}

@inproceedings{MiniSat,
author="E{\'e}n, Niklas and S{\"o}rensson, Niklas",
title="An Extensible {SAT}-solver",
bookTitle="Theory and Applications of Satisfiability Testing: 6th International Conference, SAT",
year="2003",
pages="502--518",
volume ="2919",
isbn="9783540246053",
}

@inproceedings{CordeiroF11,
  author    = {Lucas Cordeiro and
               Bernd Fischer},
  title     = {Verifying multi-threaded software using {SMT}-based context-bounded
               model checking},
  booktitle = {{ICSE}},
  pages     = {331--340},
  year      = {2011},
  doi       = {10.1145/1985793.1985839},
}

@ARTICLE{esbmc,
author={Cordeiro, L. and Fischer, B. and Marques-Silva, J.},
journal={IEEE TSE},
title={{SMT}-Based Bounded Model Checking for Embedded {ANSI-C} Software},
year={2012},
month={},
volume={38},
number={4},
pages={957-974},
doi={10.1109/TSE.2011.59},
ISSN={0098-5589},}

@incollection{esbmc_tacas_2014,
year={2014},
isbn={978-3-642-54861-1},
booktitle={{TACAS}},
volume={8413},
series={{LNCS}},
editor={},
doi={10.1007/978-3-642-54862-8_31},
title={{ESBMC 1.22}},
publisher={Springer Berlin Heidelberg},
author={Morse, Jeremy and Ramalho, Mikhail and Cordeiro, Lucas and Nicole, Denis and Fischer, Bernd},
pages={405-407},
} }

@inproceedings{MorseRCN014,
  author    = {Jeremy Morse and
               Mikhail Ramalho and
               Lucas Cordeiro and
               Denis Nicole and
               Bernd Fischer},
  title     = {{ESBMC} 1.22 - (Competition Contribution)},
  booktitle = {{TACAS}},
  year      = {2014},
  pages     = {405-407},
  ee        = {http://dx.doi.org/10.1007/978-3-642-54862-8_31},
}

@inproceedings{esbmc_controller_SBESC,
  author    = {Bessa, I. and  Ibrahim, H. and Cordeiro, L. and Filho, J. E.},
  title     = {{Verification of Delta Form Realization in Fixed-Point Digital Controllers Using Bounded Model Checking}},
  booktitle = {{SBESC}},
  year      = {2014},
  pages     = {},
}

@inproceedings{MorseCNF13,
  author    = {Jeremy Morse and
               Lucas Cordeiro and
               Denis Nicole and
               Bernd Fischer},
  title     = {Handling Unbounded Loops with {ESBMC 1.20} - (Competition
               Contribution)},
  booktitle = {{TACAS}},
  year      = {2013},
  pages     = {619-622},
  ee        = {http://dx.doi.org/10.1007/978-3-642-36742-7_47},
}

@INPROCEEDINGS{leeCPS,
author={Lee, E.A.},
booktitle={ISORC},
title={Cyber Physical Systems: Design Challenges},
year={2008},
month={May},
pages={363-369},
doi={10.1109/ISORC.2008.25},}

@Inbook{CBMC_tool,
author="Clarke, Edmund and Kroening, Daniel and Lerda, Flavio",
title="A Tool for Checking {ANSI-C }Programs",
bookTitle="Tools and Algorithms for the Construction and Analysis of Systems: 10th International Conference, TACAS",
year="2004",
pages="168--176",
isbn="9783540247302"
}

@Inbook{CBMC,
author="Kroening, Daniel
and Tautschnig, Michael",
title="{CBMC} -- {C} Bounded Model Checker",
bookTitle="Tools and Algorithms for the Construction and Analysis of Systems: 20th International Conference, TACAS",
year="2014",
pages="389--391",
isbn="9783642548628",
doi="10.1007/978-3-642-54862-8_26",
}

@ARTICLE{Eldib2014, 
author={H. Eldib and C. Wang}, 
journal={IEEE Transactions on Computer-Aided Design of Integrated Circuits and Systems}, 
title={An {SMT} {B}ased {M}ethod for {O}ptimizing {A}rithmetic {C}omputations in {E}mbedded {S}oftware {C}ode}, 
year={2014}, 
volume={33}, 
number={11}, 
pages={1611-1622}, 
ISSN={02780070}, 
month={Nov}
}

@Inproceedings{Manolios2013,
author="Manolios, Panagiotis
and Papavasileiou, Vasilis",
title="{ILP} Modulo Theories",
bookTitle="CAV",
year="2013",
publisher="Springer Berlin Heidelberg",
pages="662--677",
isbn="978-3-642-39799-8",
doi="10.1007/978-3-642-39799-8_44",
}

@Inbook{Beyer2011,
author="Beyer, Dirk and Keremoglu, M. Erkan",
title="{CPA}checker: A Tool for Configurable Software Verification",
bookTitle="Computer Aided Verification: 23rd International Conference, CAV",
year="2011",
pages="184--190",
isbn="9783642221101",
doi="10.1007/978-3-642-22110-1_16",
}

@inproceedings{TrindadeSBESC2013,
author={Trindade, A. and Cordeiro, L.},
title={Aplicando {V}erifica\c{c}\~ao de {M}odelos para o {P}articionamento de {H}ardware/{S}oftware},
booktitle={{SBESC}},
year={2014},
pages={6},
}

@Inproceedings{Bjorner2015,
author="Bj{\o}rner, Nikolaj and Phan, Anh-Dung and Fleckenstein, Lars",
title="$\nu${Z} - {A}n {O}ptimizing {SMT} {S}olver",
bookTitle="{TACAS}",
year="2015",
publisher="Springer Berlin Heidelberg",
pages="194--199",
isbn="9783662466810",
doi="10.1007/978-3-662-46681-0_14",
}

@Inproceedings{Estrada2003,
author="Estrada, Giovani Gomez",
title="A {N}ote on {D}esigning {L}ogical {C}ircuits {U}sing {SAT}",
bookTitle="{ICES}",
year="2003",
publisher="Springer Berlin Heidelberg",
pages="410--421",
isbn="978354036553",
doi="10.1007/3-540-36553-2_37",
}

@Inproceedings{SebastianiCAV2015,
author="Sebastiani, Roberto
and Trentin, Patrick",
title="Opti{M}ath{SAT}: A Tool for Optimization Modulo Theories",
bookTitle="Computer Aided Verification: 27th International Conference {CAV}",
year="2015",
publisher="Springer International Publishing",
pages="447--454",
isbn="9783319216904",
doi="10.1007/978-3-319-21690-4_27",
}

@Inproceedings{SebastianiTACAS2015,
author="Sebastiani, R. and Trentin, P.",
title="Pushing the {E}nvelope of {O}ptimization {M}odulo {T}heories with {L}inear-{A}rithmetic {C}ost {F}unctions",
bookTitle="Conference on Tools and Algorithms for the Construction and Analysis of Systems, {TACAS}",
year="2015",
pages="335--349",
isbn="9783662466810",
doi="10.1007/978-3-662-46681-0_27",
}

@article{SebastianiTransactions2015,
 author = {Sebastiani, Roberto and Tomasi, Silvia},
 title = {Optimization {M}odulo {T}heories with {L}inear {R}ational {C}osts},
 journal = {ACM Transactions on Computational Logics, {ACM TOCL}},
 volume = {16},
 number = {2},
 month = {March},
 year = {2015},
 issn = {1529-3785},
 pages = {12:1--12:43},
 doi = {10.1145/2699915},
 acmid = {2699915}
} 

@book{Clarke1999,
 author = {Clarke,Jr., Edmund M. and Grumberg, Orna and Peled, Doron A.},
 title = {Model Checking},
 year = {1999},
 isbn = {0-262-03270-8},
 publisher = {MIT Press},
 address = {Cambridge, MA, USA}
} 

@article{Rupak2009,
  author    = {Ranjit Jhala and
               Rupak Majumdar},
  title     = {Software model checking},
  journal   = {{ACM} Comput. Surv.},
  volume    = {41},
  number    = {4},
  year      = {2009},
  doi       = {10.1145/1592434.1592438},
}

@book{Baier2008,
 author = {Baier, Christel and Katoen, Joost-Pieter},
 title = {Principles of Model Checking (Representation and Mind Series)},
 year = {2008},
 isbn = {026202649X, 9780262026499},
 publisher = {The MIT Press}
}


@inproceedings{kennedy95particle,
  author = {Kennedy, James and Eberhart, Russell C.},
  booktitle = {Proceedings of the IEEE International Conference on Neural Networks},
  pages = {1942--1948},
  title = {Particle swarm optimization},
  year = 1995
}

@ARTICLE{Dorigo96theant,
    author = {Marco Dorigo and Vittorio Maniezzo and Alberto Colorni},
    title = {The Ant System: Optimization by a colony of cooperating agents},
    journal = {IEEE TRANSACTIONS ON SYSTEMS, MAN, AND CYBERNETICS-PART B},
    year = {1996},
    volume = {26},
    number = {1},
    pages = {29--41}
}

%-----------------------------------------------------------------------------------
% Control e Modeling UAV
%-----------------------------------------------------------------------------------
@ARTICLE{OveractuadedUAV, 
author={M. Ryll and H. H. B\"ulthoff and P. R. Giordano}, 
journal={IEEE Transactions on Control Systems Technology}, 
title={A Novel Overactuated Quadrotor Unmanned Aerial Vehicle: Modeling, Control, and Experimental Validation}, 
year={2015}, 
volume={23}, 
number={2}, 
pages={540-556}, 
doi={10.1109/TCST.2014.2330999}, 
ISSN={1063-6536}, 
month={March},}
